<record><leader>00000cas a2200000 a 4500</leader><controlfield tag="001">36312866</controlfield><controlfield tag="008">970203d1969197uorucr nea     0    0eng c</controlfield><datafield ind1=" " ind2=" " tag="010"><subfield code="a">sn 96088474 </subfield></datafield><datafield ind1=" " ind2=" " tag="040"><subfield code="a">OCN</subfield><subfield code="b">eng</subfield><subfield code="c">OCN</subfield><subfield code="d">DLC</subfield><subfield code="d">OCLCQ</subfield><subfield code="d">ORU</subfield><subfield code="d">OCLCQ</subfield><subfield code="d">OCLCF</subfield><subfield code="d">OCLCO</subfield></datafield><datafield ind1=" " ind2=" " tag="042"><subfield code="a">pcc</subfield></datafield><datafield ind1=" " ind2=" " tag="043"><subfield code="a">n-us-or</subfield></datafield><datafield ind1="0" ind2=" " tag="130"><subfield code="a">Southwest times (Portland, Or.)</subfield></datafield><datafield ind1="1" ind2="4" tag="245"><subfield code="a">The Southwest times</subfield><subfield code="h">[microform].</subfield></datafield><datafield ind1="1" ind2="3" tag="246"><subfield code="a">Valley times</subfield></datafield><datafield ind1=" " ind2=" " tag="250"><subfield code="a">A registered ed. of the Valley times.</subfield></datafield><datafield ind1=" " ind2=" " tag="260"><subfield code="a">Portland, Or. :</subfield><subfield code="b">Valley Pub.,</subfield><subfield code="c">1969-</subfield></datafield><datafield ind1=" " ind2=" " tag="300"><subfield code="a">v.</subfield></datafield><datafield ind1=" " ind2=" " tag="310"><subfield code="a">Semiweekly,</subfield><subfield code="b">Apr. 22, 1973-&lt;Dec. 11, 1975&gt;</subfield></datafield><datafield ind1=" " ind2=" " tag="321"><subfield code="a">Weekly,</subfield><subfield code="b">May 1, 1969-Jan. 25, 1973</subfield></datafield><datafield ind1=" " ind2=" " tag="321"><subfield code="a">Weekly (except week preceding Dec. 25),</subfield><subfield code="b">Feb. 1, 1973-Apr. 19, 1973</subfield></datafield><datafield ind1="0" ind2=" " tag="362"><subfield code="a">Vol. 1, no. 1 (May 1, 1969)-</subfield></datafield><datafield ind1=" " ind2=" " tag="500"><subfield code="a">Includes regional classified ads shared with other regional papers.</subfield></datafield><datafield ind1=" " ind2=" " tag="530"><subfield code="a">Also issued on microfilm from University of Oregon.</subfield></datafield><datafield ind1=" " ind2=" " tag="588"><subfield code="a">Latest issue consulted: Dec. 11, 1975.</subfield></datafield><datafield ind1=" " ind2="0" tag="651"><subfield code="a">Washington County (Or.)</subfield><subfield code="v">Newspapers.</subfield></datafield><datafield ind1=" " ind2="0" tag="651"><subfield code="a">Multnomah County (Or.)</subfield><subfield code="v">Newspapers.</subfield></datafield><datafield ind1=" " ind2="7" tag="655"><subfield code="a">Newspapers.</subfield><subfield code="2">fast</subfield><subfield code="0">(OCoLC)fst01423814</subfield></datafield><datafield ind1=" " ind2="7" tag="651"><subfield code="a">Oregon</subfield><subfield code="z">Multnomah County.</subfield><subfield code="2">fast</subfield><subfield code="0">(OCoLC)fst01216118</subfield></datafield><datafield ind1=" " ind2="7" tag="651"><subfield code="a">Oregon</subfield><subfield code="z">Washington County.</subfield><subfield code="2">fast</subfield><subfield code="0">(OCoLC)fst01217169</subfield></datafield><datafield ind1=" " ind2=" " tag="752"><subfield code="a">United States</subfield><subfield code="b">Oregon</subfield><subfield code="c">Multnomah</subfield><subfield code="d">Portland.</subfield></datafield></record>